@book{textbook,
    author  = {Lee Kump and James Kasting and Robert Crane},
    title   = {The Earth System},
    year    = {2010},
    edition = {3}
}
