@misc{agarwal2022asymptotically,
  title = {An {{Asymptotically Optimal Batched Algorithm}} for the {{Dueling Bandit Problem}}},
  author = {Agarwal, Arpit and Ghuge, Rohan and Nagarajan, Viswanath},
  year = {2022},
  month = sep,
  number = {arXiv:2209.12108},
  eprint = {2209.12108},
  primaryclass = {cs, stat},
  publisher = {{arXiv}},
  urldate = {2023-02-20},
  archiveprefix = {arxiv},
  langid = {english}
}

@misc{agarwal2022batched,
  title = {Batched {{Dueling Bandits}}},
  author = {Agarwal, Arpit and Ghuge, Rohan and Nagarajan, Viswanath},
  year = {2022},
  month = feb,
  number = {arXiv:2202.10660},
  eprint = {2202.10660},
  primaryclass = {cs, stat},
  publisher = {{arXiv}},
  urldate = {2023-02-20},
  archiveprefix = {arxiv},
  langid = {english}
}

@misc{komiyama2015regret,
  title = {Regret {{Lower Bound}} and {{Optimal Algorithm}} in {{Dueling Bandit Problem}}},
  author = {Komiyama, Junpei and Honda, Junya and Kashima, Hisashi and Nakagawa, Hiroshi},
  year = {2015},
  month = jun,
  number = {arXiv:1506.02550},
  eprint = {1506.02550},
  primaryclass = {cs, stat},
  publisher = {{arXiv}},
  urldate = {2023-02-20},
  archiveprefix = {arxiv},
  langid = {english}
}

@misc{komiyama2016copeland,
  title = {Copeland {{Dueling Bandit Problem}}: {{Regret Lower Bound}}, {{Optimal Algorithm}}, and {{Computationally Efficient Algorithm}}},
  shorttitle = {Copeland {{Dueling Bandit Problem}}},
  author = {Komiyama, Junpei and Honda, Junya and Nakagawa, Hiroshi},
  year = {2016},
  month = may,
  number = {arXiv:1605.01677},
  eprint = {1605.01677},
  primaryclass = {cs, stat},
  publisher = {{arXiv}},
  urldate = {2023-02-20},
  archiveprefix = {arxiv},
  langid = {english}
}

@misc{saha2022versatile,
  title = {Versatile {{Dueling Bandits}}: {{Best-of-both-World Analyses}} for {{Online Learning}} from {{Preferences}}},
  shorttitle = {Versatile {{Dueling Bandits}}},
  author = {Saha, Aadirupa and Gaillard, Pierre},
  year = {2022},
  month = feb,
  number = {arXiv:2202.06694},
  eprint = {2202.06694},
  primaryclass = {cs, stat},
  publisher = {{arXiv}},
  urldate = {2023-02-20},
  archiveprefix = {arxiv},
  langid = {english}
}

@misc{wu2016double,
  title = {Double {{Thompson Sampling}} for {{Dueling Bandits}}},
  author = {Wu, Huasen and Liu, Xin},
  year = {2016},
  month = oct,
  number = {arXiv:1604.07101},
  eprint = {1604.07101},
  primaryclass = {cs, stat},
  publisher = {{arXiv}},
  urldate = {2023-02-20},
  archiveprefix = {arxiv},
  langid = {english}
}

@inproceedings{yue2011beat,
  title = {Beat the Mean Bandit},
  booktitle = {Proceedings of the 28th {{International Conference}} on {{International Conference}} on {{Machine Learning}}},
  author = {Yue, Yisong and Joachims, Thorsten},
  year = {2011},
  month = jun,
  series = {{{ICML}}'11},
  pages = {241--248},
  publisher = {{Omnipress}},
  address = {{Madison, WI, USA}},
  urldate = {2023-02-19},
  isbn = {978-1-4503-0619-5}
}

@misc{zimmert2022tsallisinf,
  title = {Tsallis-{{INF}}: {{An Optimal Algorithm}} for {{Stochastic}} and {{Adversarial Bandits}}},
  shorttitle = {Tsallis-{{INF}}},
  author = {Zimmert, Julian and Seldin, Yevgeny},
  year = {2022},
  month = mar,
  number = {arXiv:1807.07623},
  eprint = {1807.07623},
  primaryclass = {cs, stat},
  publisher = {{arXiv}},
  urldate = {2023-02-20},
  archiveprefix = {arxiv},
  langid = {english}
}

@misc{zoghi2015copeland,
  title = {Copeland {{Dueling Bandits}}},
  author = {Zoghi, Masrour and Karnin, Zohar and Whiteson, Shimon and {de Rijke}, Maarten},
  year = {2015},
  month = may,
  number = {arXiv:1506.00312},
  eprint = {1506.00312},
  primaryclass = {cs},
  publisher = {{arXiv}},
  doi = {10.48550/arXiv.1506.00312},
  urldate = {2023-02-20},
  archiveprefix = {arxiv}
}

@article{behnel2011cython,
  title = {Cython: {{The Best}} of {{Both Worlds}}},
  shorttitle = {Cython},
  author = {Behnel, Stefan and Bradshaw, Robert and Citro, Craig and Dalcin, Lisandro and Seljebotn, Dag Sverre and Smith, Kurt},
  year = {2011},
  month = mar,
  journal = {Computing in Science \& Engineering},
  volume = {13},
  number = {2},
  pages = {31--39},
  issn = {1558-366X},
  doi = {10.1109/MCSE.2010.118}
}

@misc{chalupka2012framework,
  title = {A {{Framework}} for {{Evaluating Approximation Methods}} for {{Gaussian Process Regression}}},
  author = {Chalupka, Krzysztof and Williams, Christopher K. I. and Murray, Iain},
  year = {2012},
  month = nov,
  number = {arXiv:1205.6326},
  eprint = {1205.6326},
  eprinttype = {arxiv},
  primaryclass = {cs, stat},
  publisher = {{arXiv}},
  doi = {10.48550/arXiv.1205.6326},
  archiveprefix = {arXiv}
}

@article{clark2018greedy,
  title = {Greedy {{Sensor Placement}} with {{Cost Constraints}}},
  author = {Clark, Emily and Askham, Travis and Brunton, Steven L. and Kutz, J. Nathan},
  year = {2018},
  month = may,
  journal = {arXiv:1805.03717 [math]},
  eprint = {1805.03717},
  eprinttype = {arxiv},
  primaryclass = {math},
  archiveprefix = {arXiv}
}

@article{cohn1996neural,
  title = {Neural {{Network Exploration Using Optimal Experiment Design}}},
  author = {Cohn, David A.},
  year = {1996},
  month = aug,
  journal = {Neural Networks},
  volume = {9},
  number = {6},
  pages = {1071--1083},
  issn = {08936080},
  doi = {10.1016/0893-6080(95)00137-9},
  langid = {english}
}

@misc{gramacy2014local,
  title = {Local {{Gaussian}} Process Approximation for Large Computer Experiments},
  author = {Gramacy, Robert B. and Apley, Daniel W.},
  year = {2014},
  month = oct,
  number = {arXiv:1303.0383},
  eprint = {1303.0383},
  eprinttype = {arxiv},
  primaryclass = {stat},
  publisher = {{arXiv}},
  archiveprefix = {arXiv},
  langid = {english}
}

@misc{gramacy2015speeding,
  title = {Speeding up Neighborhood Search in Local {{Gaussian}} Process Prediction},
  author = {Gramacy, Robert B. and Haaland, Benjamin},
  year = {2015},
  month = jan,
  number = {arXiv:1409.0074},
  eprint = {1409.0074},
  eprinttype = {arxiv},
  primaryclass = {stat},
  publisher = {{arXiv}},
  archiveprefix = {arXiv},
  langid = {english}
}

@article{guinness2018permutation,
  title = {Permutation and {{Grouping Methods}} for {{Sharpening Gaussian Process Approximations}}},
  author = {Guinness, Joseph},
  year = {2018},
  month = oct,
  journal = {Technometrics},
  volume = {60},
  number = {4},
  eprint = {1609.05372},
  eprinttype = {arxiv},
  primaryclass = {stat},
  pages = {415--429},
  issn = {0040-1706, 1537-2723},
  doi = {10.1080/00401706.2018.1437476},
  archiveprefix = {arXiv}
}

@article{harris2020array,
  title = {Array Programming with {{NumPy}}},
  author = {Harris, Charles R. and Millman, K. Jarrod and {van der Walt}, St{\'e}fan J. and Gommers, Ralf and Virtanen, Pauli and Cournapeau, David and Wieser, Eric and Taylor, Julian and Berg, Sebastian and Smith, Nathaniel J. and Kern, Robert and Picus, Matti and Hoyer, Stephan and {van Kerkwijk}, Marten H. and Brett, Matthew and Haldane, Allan and {del R{\'i}o}, Jaime Fern{\'a}ndez and Wiebe, Mark and Peterson, Pearu and {G{\'e}rard-Marchant}, Pierre and Sheppard, Kevin and Reddy, Tyler and Weckesser, Warren and Abbasi, Hameer and Gohlke, Christoph and Oliphant, Travis E.},
  year = {2020},
  month = sep,
  journal = {Nature},
  volume = {585},
  number = {7825},
  pages = {357--362},
  publisher = {{Nature Publishing Group}},
  issn = {1476-4687},
  doi = {10.1038/s41586-020-2649-2},
  copyright = {2020 The Author(s)},
  langid = {english}
}

@inproceedings{herbrich2002fast,
  title = {Fast {{Sparse Gaussian Process Methods}}: {{The Informative Vector Machine}}},
  shorttitle = {Fast {{Sparse Gaussian Process Methods}}},
  booktitle = {Advances in {{Neural Information Processing Systems}}},
  author = {Herbrich, Ralf and Lawrence, Neil and Seeger, Matthias},
  year = {2002},
  volume = {15},
  publisher = {{MIT Press}}
}

@article{hunter2007matplotlib,
  title = {Matplotlib: {{A 2D Graphics Environment}}},
  shorttitle = {Matplotlib},
  author = {Hunter, John D.},
  year = {2007},
  month = may,
  journal = {Computing in Science \& Engineering},
  volume = {9},
  number = {3},
  pages = {90--95},
  issn = {1558-366X},
  doi = {10.1109/MCSE.2007.55}
}

@misc{kang2021correlationbased,
  title = {Correlation-Based Sparse Inverse {{Cholesky}} Factorization for Fast {{Gaussian-process}} Inference},
  author = {Kang, Myeongjong and Katzfuss, Matthias},
  year = {2021},
  month = dec,
  number = {arXiv:2112.14591},
  eprint = {2112.14591},
  eprinttype = {arxiv},
  primaryclass = {stat},
  publisher = {{arXiv}},
  archiveprefix = {arXiv},
  langid = {english}
}

@article{kaporin1990alternative,
  title = {An Alternative Approach to Estimating the Convergence Rate of the {{CG}} Method},
  author = {Kaporin, I. E.},
  year = {1990},
  journal = {Numerical Methods and Software, Yu. A. Kuznetsov, ed., Dept. of Numerical Mathematics, USSR Academy of Sciences, Moscow},
  pages = {55--72}
}

@article{katzfuss2021general,
  title = {A {{General Framework}} for {{Vecchia Approximations}} of {{Gaussian Processes}}},
  author = {Katzfuss, Matthias and Guinness, Joseph},
  year = {2021},
  month = feb,
  journal = {Statistical Science},
  volume = {36},
  number = {1},
  pages = {124--141},
  publisher = {{Institute of Mathematical Statistics}},
  issn = {0883-4237, 2168-8745},
  doi = {10.1214/19-STS755}
}

@misc{katzfuss2022scalable,
  title = {Scalable {{Bayesian}} Transport Maps for High-Dimensional Non-{{Gaussian}} Spatial Fields},
  author = {Katzfuss, Matthias and Sch{\"a}fer, Florian},
  year = {2022},
  month = feb,
  number = {arXiv:2108.04211},
  eprint = {2108.04211},
  eprinttype = {arxiv},
  primaryclass = {stat},
  institution = {{arXiv}},
  archiveprefix = {arXiv}
}

@article{krause2008nearoptimal,
  title = {Near-{{Optimal Sensor Placements}} in {{Gaussian Processes}}: {{Theory}}, {{Efficient Algorithms}} and {{Empirical Studies}}},
  shorttitle = {Near-{{Optimal Sensor Placements}} in {{Gaussian Processes}}},
  author = {Krause, Andreas and Singh, Ajit and Guestrin, Carlos},
  year = {2008},
  month = jun,
  journal = {The Journal of Machine Learning Research},
  volume = {9},
  pages = {235--284},
  issn = {1532-4435}
}

@inproceedings{krause2015more,
  title = {A {{More Efficient Rank-one Covariance Matrix Update}} for {{Evolution Strategies}}},
  booktitle = {Proceedings of the 2015 {{ACM Conference}} on {{Foundations}} of {{Genetic Algorithms XIII}}},
  author = {Krause, Oswin and Igel, Christian},
  year = {2015},
  month = jan,
  series = {{{FOGA}} '15},
  pages = {129--136},
  publisher = {{Association for Computing Machinery}},
  address = {{New York, NY, USA}},
  doi = {10.1145/2725494.2725496},
  isbn = {978-1-4503-3434-1}
}

@article{kyng2016approximate,
  title = {Approximate {{Gaussian Elimination}} for {{Laplacians}}: {{Fast}}, {{Sparse}}, and {{Simple}}},
  shorttitle = {Approximate {{Gaussian Elimination}} for {{Laplacians}}},
  author = {Kyng, Rasmus and Sachdeva, Sushant},
  year = {2016},
  month = may,
  journal = {arXiv:1605.02353 [cs]},
  eprint = {1605.02353},
  eprinttype = {arxiv},
  primaryclass = {cs},
  archiveprefix = {arXiv}
}

@article{lecun1998gradientbased,
  title = {Gradient-Based Learning Applied to Document Recognition},
  author = {Lecun, Y. and Bottou, L. and Bengio, Y. and Haffner, P.},
  year = {1998},
  month = nov,
  journal = {Proceedings of the IEEE},
  volume = {86},
  number = {11},
  pages = {2278--2324},
  issn = {1558-2256},
  doi = {10.1109/5.726791}
}

@article{liu2020when,
  title = {When {{Gaussian Process Meets Big Data}}: {{A Review}} of {{Scalable GPs}}},
  shorttitle = {When {{Gaussian Process Meets Big Data}}},
  author = {Liu, Haitao and Ong, Yew-Soon and Shen, Xiaobo and Cai, Jianfei},
  year = {2020},
  month = nov,
  journal = {IEEE Transactions on Neural Networks and Learning Systems},
  volume = {31},
  number = {11},
  pages = {4405--4423},
  issn = {2162-2388},
  doi = {10.1109/TNNLS.2019.2957109}
}

@article{marzouk2016introduction,
  title = {An Introduction to Sampling via Measure Transport},
  author = {Marzouk, Youssef and Moselhy, Tarek and Parno, Matthew and Spantini, Alessio},
  year = {2016},
  journal = {arXiv:1602.05023 [math, stat]},
  eprint = {1602.05023},
  eprinttype = {arxiv},
  primaryclass = {math, stat},
  pages = {1--41},
  doi = {10.1007/978-3-319-11259-6_23-1},
  archiveprefix = {arXiv}
}

@misc{mutny2022experimental,
  title = {Experimental {{Design}} for {{Linear Functionals}} in {{Reproducing Kernel Hilbert Spaces}}},
  author = {Mutn{\'y}, Mojm{\'i}r and Krause, Andreas},
  year = {2022},
  month = may,
  number = {arXiv:2205.13627},
  eprint = {2205.13627},
  eprinttype = {arxiv},
  primaryclass = {cs, math, stat},
  publisher = {{arXiv}},
  archiveprefix = {arXiv},
  langid = {english}
}

@book{owhadi2019operatoradapted,
  title = {Operator-{{Adapted Wavelets}}, {{Fast Solvers}}, and {{Numerical Homogenization}}: {{From}} a {{Game Theoretic Approach}} to {{Numerical Approximation}} and {{Algorithm Design}}},
  shorttitle = {Operator-{{Adapted Wavelets}}, {{Fast Solvers}}, and {{Numerical Homogenization}}},
  author = {Owhadi, Houman and Scovel, Clint},
  year = {2019},
  series = {Cambridge {{Monographs}} on {{Applied}} and {{Computational Mathematics}}},
  publisher = {{Cambridge University Press}},
  address = {{Cambridge}},
  doi = {10.1017/9781108594967},
  isbn = {978-1-108-48436-7}
}

@article{pedregosa2011scikitlearn,
  title = {Scikit-Learn: {{Machine Learning}} in {{Python}}},
  shorttitle = {Scikit-Learn},
  author = {Pedregosa, Fabian and Varoquaux, Ga{\"e}l and Gramfort, Alexandre and Michel, Vincent and Thirion, Bertrand and Grisel, Olivier and Blondel, Mathieu and Prettenhofer, Peter and Weiss, Ron and Dubourg, Vincent and Vanderplas, Jake and Passos, Alexandre and Cournapeau, David and Brucher, Matthieu and Perrot, Matthieu and Duchesnay, {\'E}douard},
  year = {2011},
  journal = {Journal of Machine Learning Research},
  volume = {12},
  number = {85},
  pages = {2825--2830},
  issn = {1533-7928}
}

@article{quinonero-candela2005unifying,
  title = {A {{Unifying View}} of {{Sparse Approximate Gaussian Process Regression}}},
  author = {{Qui{\~n}onero-Candela}, Joaquin and Rasmussen, Carl Edward},
  year = {2005},
  journal = {Journal of Machine Learning Research},
  volume = {6},
  number = {65},
  pages = {1939--1959},
  issn = {1533-7928}
}

@book{rasmussen2006gaussian,
  title = {Gaussian Processes for Machine Learning},
  author = {Rasmussen, Carl Edward and Williams, Christopher K. I.},
  year = {2006},
  series = {Adaptive Computation and Machine Learning},
  publisher = {{MIT Press}},
  address = {{Cambridge, Mass}},
  isbn = {978-0-262-18253-9},
  langid = {english},
  lccn = {QA274.4 .R37 2006},
  annotation = {OCLC: ocm61285753}
}

@book{rue2005gaussian,
  title = {Gaussian {{Markov Random Fields}}: {{Theory}} and {{Applications}}},
  shorttitle = {Gaussian {{Markov Random Fields}}},
  author = {Rue, Havard and Held, Leonhard},
  year = {2005},
  month = feb,
  publisher = {{Chapman and Hall/CRC}},
  address = {{New York}},
  doi = {10.1201/9780203492024},
  isbn = {978-0-429-20882-9}
}

@article{schafer2020compression,
  title = {Compression, Inversion, and Approximate {{PCA}} of Dense Kernel Matrices at near-Linear Computational Complexity},
  author = {Sch{\"a}fer, Florian and Sullivan, T. J. and Owhadi, Houman},
  year = {2020},
  month = oct,
  journal = {arXiv:1706.02205 [cs, math]},
  eprint = {1706.02205},
  eprinttype = {arxiv},
  primaryclass = {cs, math},
  archiveprefix = {arXiv}
}

@article{schafer2021sparse,
  title = {Sparse {{Cholesky}} Factorization by {{Kullback-Leibler}} Minimization},
  author = {Sch{\"a}fer, Florian and Katzfuss, Matthias and Owhadi, Houman},
  year = {2021},
  month = oct,
  journal = {arXiv:2004.14455 [cs, math, stat]},
  eprint = {2004.14455},
  eprinttype = {arxiv},
  primaryclass = {cs, math, stat},
  archiveprefix = {arXiv}
}

@inproceedings{seeger2003fast,
  title = {Fast {{Forward Selection}} to {{Speed Up Sparse Gaussian Process Regression}}},
  booktitle = {In {{Workshop}} on {{AI}} and {{Statistics}} 9},
  author = {Seeger, Matthias and Williams, Christopher K. I.},
  year = {2003}
}

@inproceedings{smola2000sparse,
  title = {Sparse {{Greedy Gaussian Process Regression}}},
  booktitle = {Advances in {{Neural Information Processing Systems}}},
  author = {Smola, Alex and Bartlett, Peter},
  year = {2000},
  volume = {13},
  publisher = {{MIT Press}}
}

@misc{spantini2018inference,
  title = {Inference via Low-Dimensional Couplings},
  author = {Spantini, Alessio and Bigoni, Daniele and Marzouk, Youssef},
  year = {2018},
  month = jul,
  number = {arXiv:1703.06131},
  eprint = {1703.06131},
  eprinttype = {arxiv},
  primaryclass = {stat},
  publisher = {{arXiv}},
  doi = {10.48550/arXiv.1703.06131},
  archiveprefix = {arXiv}
}

@article{stein2002screening,
  title = {The Screening Effect in {{Kriging}}},
  author = {Stein, Michael L.},
  year = {2002},
  month = feb,
  journal = {The Annals of Statistics},
  volume = {30},
  number = {1},
  pages = {298--323},
  publisher = {{Institute of Mathematical Statistics}},
  issn = {0090-5364, 2168-8966},
  doi = {10.1214/aos/1015362194}
}

@article{stein20112010,
  title = {2010 {{Rietz}} Lecture: {{When}} Does the Screening Effect Hold?},
  shorttitle = {2010 {{Rietz}} Lecture},
  author = {Stein, Michael L.},
  year = {2011},
  month = dec,
  journal = {The Annals of Statistics},
  volume = {39},
  number = {6},
  pages = {2795--2819},
  publisher = {{Institute of Mathematical Statistics}},
  issn = {0090-5364, 2168-8966},
  doi = {10.1214/11-AOS909}
}

@misc{sun2019emulating,
  title = {Emulating Satellite Drag from Large Simulation Experiments},
  author = {Sun, Furong and Gramacy, Robert B. and Haaland, Benjamin and Lawrence, Earl and Walker, Andrew},
  year = {2019},
  month = jun,
  number = {arXiv:1712.00182},
  eprint = {1712.00182},
  eprinttype = {arxiv},
  primaryclass = {stat},
  publisher = {{arXiv}},
  doi = {10.48550/arXiv.1712.00182},
  archiveprefix = {arXiv}
}

@article{tropp2006algorithms,
  title = {Algorithms for Simultaneous Sparse Approximation. {{Part I}}: {{Greedy}} Pursuit},
  shorttitle = {Algorithms for Simultaneous Sparse Approximation. {{Part I}}},
  author = {Tropp, Joel A. and Gilbert, Anna C. and Strauss, Martin J.},
  year = {2006},
  month = mar,
  journal = {Signal Processing},
  volume = {86},
  number = {3},
  pages = {572--588},
  issn = {01651684},
  doi = {10.1016/j.sigpro.2005.05.030},
  langid = {english}
}

@article{tropp2007signal,
  title = {Signal {{Recovery From Random Measurements Via Orthogonal Matching Pursuit}}},
  author = {Tropp, Joel A. and Gilbert, Anna C.},
  year = {2007},
  month = dec,
  journal = {IEEE Transactions on Information Theory},
  volume = {53},
  number = {12},
  pages = {4655--4666},
  issn = {1557-9654},
  doi = {10.1109/TIT.2007.909108}
}

@article{vecchia1988estimation,
  title = {Estimation and {{Model Identification}} for {{Continuous Spatial Processes}}},
  author = {Vecchia, A. V.},
  year = {1988},
  journal = {Journal of the Royal Statistical Society: Series B (Methodological)},
  volume = {50},
  number = {2},
  pages = {297--312},
  issn = {2517-6161},
  doi = {10.1111/j.2517-6161.1988.tb01729.x},
  langid = {english},
  annotation = {\_eprint: https://onlinelibrary.wiley.com/doi/pdf/10.1111/j.2517-6161.1988.tb01729.x}
}

@article{vijayakumar2000locally,
  title = {Locally Weighted Projection Regression: {{An O}} (n) Algorithm for Incremental Real Time Learning in High Dimensional Space},
  shorttitle = {Locally Weighted Projection Regression},
  author = {Vijayakumar, S. and Schaal, S.},
  year = {2000},
  journal = {Proceedings of the Seventeenth International Conference on Machine Learning (ICML 2000)},
  pages = {1079--1086},
  publisher = {{Morgan Kaufmann}},
  langid = {english}
}

@article{virtanen2020scipy,
  title = {{{SciPy}} 1.0: Fundamental Algorithms for Scientific Computing in {{Python}}},
  shorttitle = {{{SciPy}} 1.0},
  author = {Virtanen, Pauli and Gommers, Ralf and Oliphant, Travis E. and Haberland, Matt and Reddy, Tyler and Cournapeau, David and Burovski, Evgeni and Peterson, Pearu and Weckesser, Warren and Bright, Jonathan and {van der Walt}, St{\'e}fan J. and Brett, Matthew and Wilson, Joshua and Millman, K. Jarrod and Mayorov, Nikolay and Nelson, Andrew R. J. and Jones, Eric and Kern, Robert and Larson, Eric and Carey, C. J. and Polat, {\.I}lhan and Feng, Yu and Moore, Eric W. and VanderPlas, Jake and Laxalde, Denis and Perktold, Josef and Cimrman, Robert and Henriksen, Ian and Quintero, E. A. and Harris, Charles R. and Archibald, Anne M. and Ribeiro, Ant{\^o}nio H. and Pedregosa, Fabian and {van Mulbregt}, Paul},
  year = {2020},
  month = mar,
  journal = {Nature Methods},
  volume = {17},
  number = {3},
  pages = {261--272},
  publisher = {{Nature Publishing Group}},
  issn = {1548-7105},
  doi = {10.1038/s41592-019-0686-2},
  copyright = {2020 The Author(s)},
  langid = {english}
}

@inproceedings{wada2013gaussian,
  title = {Gaussian {{Process Regression}} with {{Dynamic Active Set}} and {{Its Application}} to {{Anomaly Detection}}},
  booktitle = {Proceedings of the {{International Conference}} on {{Data Science}} ({{ICDATA}})},
  author = {Wada, Toshikazu and Matsumura, Yuki and Maeda, Shunji and Shibuya, Hisae},
  year = {2013},
  pages = {7},
  langid = {english}
}

@article{yeremin2000factorized,
  title = {Factorized Sparse Approximate Inverse Preconditionings. {{III}}. {{Iterative}} Construction of Preconditioners},
  author = {Yeremin, A. Y. and Kolotilina, L. Y. and Nikishin, A. A.},
  year = {2000},
  month = sep,
  journal = {Journal of Mathematical Sciences},
  volume = {101},
  number = {4},
  pages = {3237--3254},
  issn = {1573-8795},
  doi = {10.1007/BF02672769},
  langid = {english}
}

@article{chen2022randomly,
  title={Randomly pivoted {C}holesky: Practical approximation of a kernel matrix with few entry evaluations},
  author={Chen, Yifan and Epperly, Ethan N and Tropp, Joel A and Webber, Robert J},
  journal={arXiv preprint arXiv:2207.06503},
  year={2022}
}

@article{sang2012full,
  title={A full scale approximation of covariance functions for large spatial data sets},
  author={Sang, Huiyan and Huang, Jianhua Z},
  journal={Journal of the Royal Statistical Society: Series B (Statistical Methodology)},
  volume={74},
  number={1},
  pages={111--132},
  year={2012},
  publisher={Wiley Online Library}
}

@article{quinonero2005unifying,
  title={A unifying view of sparse approximate {G}aussian process regression},
  author={Quinonero-Candela, Joaquin and Rasmussen, Carl Edward},
  journal={The Journal of Machine Learning Research},
  volume={6},
  pages={1939--1959},
  year={2005},
  publisher={JMLR. org}
}

@article{schwaighofer2002transductive,
  title={Transductive and inductive methods for approximate {G}aussian process regression},
  author={Schwaighofer, Anton and Tresp, Volker},
  journal={Advances in neural information processing systems},
  volume={15},
  year={2002}
}

@article{banerjee2008gaussian,
  title={Gaussian predictive process models for large spatial data sets},
  author={Banerjee, Sudipto and Gelfand, Alan E and Finley, Andrew O and Sang, Huiyan},
  journal={Journal of the Royal Statistical Society: Series B (Statistical Methodology)},
  volume={70},
  number={4},
  pages={825--848},
  year={2008},
  publisher={Wiley Online Library}
}

@article{williams2000using,
  title={Using the {N}ystr{\"o}m method to speed up kernel machines},
  author={Williams, Christopher and Seeger, Matthias},
  journal={Advances in neural information processing systems},
  volume={13},
  year={2000}
}

@article{fowlkes2004spectral,
  title={Spectral grouping using the {N}ystrom method},
  author={Fowlkes, Charless and Belongie, Serge and Chung, Fan and Malik, Jitendra},
  journal={IEEE transactions on pattern analysis and machine intelligence},
  volume={26},
  number={2},
  pages={214--225},
  year={2004},
  publisher={IEEE}
}

@article{bach2002kernel,
  title={Kernel independent component analysis},
  author={Bach, Francis R and Jordan, Michael I},
  journal={Journal of machine learning research},
  volume={3},
  number={Jul},
  pages={1--48},
  year={2002}
}

@article{fine2001efficient,
  title={Efficient {SVM} training using low-rank kernel representations},
  author={Fine, Shai and Scheinberg, Katya},
  journal={Journal of Machine Learning Research},
  volume={2},
  number={Dec},
  pages={243--264},
  year={2001}
}

@article{furrer2006covariance,
  title={Covariance tapering for interpolation of large spatial datasets},
  author={Furrer, Reinhard and Genton, Marc G and Nychka, Douglas},
  journal={Journal of Computational and Graphical Statistics},
  volume={15},
  number={3},
  pages={502--523},
  year={2006},
  publisher={Taylor \& Francis}
}

@article{beylkin1991fast,
  title={Fast wavelet transforms and numerical algorithms I},
  author={Beylkin, Gregory and Coifman, Ronald and Rokhlin, Vladimir},
  journal={Communications on pure and applied mathematics},
  volume={44},
  number={2},
  pages={141--183},
  year={1991},
  publisher={Wiley Online Library}
}

@article{gines1998lu,
  title={{LU} factorization of non-standard forms and direct multiresolution solvers},
  author={Gines, D and Beylkin, G and Dunn, J},
  journal={Applied and Computational Harmonic Analysis},
  volume={5},
  number={2},
  pages={156--201},
  year={1998},
  publisher={Elsevier}
}

@article{hackbusch2002data,
  title={Data-sparse approximation by adaptive {$\mathcal{H}^2$}-matrices},
  author={Hackbusch, Wolfgang and B{\"o}rm, Steffen},
  journal={Computing},
  volume={69},
  number={1},
  pages={1--35},
  year={2002},
  publisher={Springer}
}

@article{hackbusch2000sparse,
  title={A Sparse {$\mathcal{H}$}-Matrix Arithmetic.},
  author={Hackbusch, Wolfgang and Khoromskij, Boris N},
  journal={Computing},
  volume={64},
  number={1},
  pages={21--47},
  year={2000},
  publisher={Springer}
}

@article{ambikasaran2013mathcal,
  title={An {$\mathcal O(N\log N)$} Fast Direct Solver for Partial Hierarchically Semi-Separable Matrices},
  author={Ambikasaran, Sivaram and Darve, Eric},
  journal={Journal of Scientific Computing},
  volume={57},
  number={3},
  pages={477--501},
  year={2013},
  publisher={Springer}
}

@article{ambikasaran2015fast,
  title={Fast direct methods for {G}aussian processes},
  author={Ambikasaran, Sivaram and Foreman-Mackey, Daniel and Greengard, Leslie and Hogg, David W and O’Neil, Michael},
  journal={IEEE transactions on pattern analysis and machine intelligence},
  volume={38},
  number={2},
  pages={252--265},
  year={2015},
  publisher={IEEE}
}

@article{chandrasekaran2006fast,
  title={A fast {ULV} decomposition solver for hierarchically semiseparable representations},
  author={Chandrasekaran, Shiv and Gu, Ming and Pals, Timothy},
  journal={SIAM Journal on Matrix Analysis and Applications},
  volume={28},
  number={3},
  pages={603--622},
  year={2006},
  publisher={SIAM}
}

@article{xia2010fast,
  title={Fast algorithms for hierarchically semiseparable matrices},
  author={Xia, Jianlin and Chandrasekaran, Shivkumar and Gu, Ming and Li, Xiaoye S},
  journal={Numerical Linear Algebra with Applications},
  volume={17},
  number={6},
  pages={953--976},
  year={2010},
  publisher={Wiley Online Library}
}

@article{li2012new,
  title={New efficient and robust {HSS} {C}holesky factorization of {SPD} matrices},
  author={Li, Shengguo and Gu, Ming and Wu, Cinna Julie and Xia, Jianlin},
  journal={SIAM Journal on Matrix Analysis and Applications},
  volume={33},
  number={3},
  pages={886--904},
  year={2012},
  publisher={SIAM}
}

@article{ho2016hierarchical,
  title={Hierarchical Interpolative Factorization for Elliptic Operators: {I}ntegral Equations},
  author={Ho, Kenneth L and Ying, Lexing},
  journal={Communications on Pure and Applied Mathematics},
  volume={7},
  number={69},
  pages={1314--1353},
  year={2016}
}

@article{graham2018analysis,
  title={Analysis of circulant embedding methods for sampling stationary random fields},
  author={Graham, Ivan G and Kuo, Frances Y and Nuyens, Dirk and Scheichl, Robert and Sloan, Ian H},
  journal={SIAM Journal on Numerical Analysis},
  volume={56},
  number={3},
  pages={1871--1895},
  year={2018},
  publisher={SIAM}
}

@article{stein2002fast,
  title={Fast and exact simulation of fractional {B}rownian surfaces},
  author={Stein, Michael L},
  journal={Journal of Computational and Graphical Statistics},
  volume={11},
  number={3},
  pages={587--599},
  year={2002},
  publisher={Taylor \& Francis}
}

@article{rahimi2007random,
  title={Random features for large-scale kernel machines},
  author={Rahimi, Ali and Recht, Benjamin},
  journal={Advances in neural information processing systems},
  volume={20},
  year={2007}
}

@book{bishop2006pattern,
  title = {Pattern Recognition and Machine Learning},
  author = {Bishop, Christopher M.},
  year = {2006},
  series = {Information Science and Statistics},
  publisher = {{Springer}},
  address = {{New York}},
  isbn = {978-0-387-31073-2},
  langid = {english},
  lccn = {Q327 .B52 2006}
}

@misc{metakaggle,
	title={Meta Kaggle},
	url={https://www.kaggle.com/ds/9},
	DOI={10.34740/KAGGLE/DS/9},
	publisher={Kaggle},
	author={Megan Risdal and Timo Bozsolik},
	year={2022}
}

@article{decision_transformers,
  author       = {Lili Chen and
                  Kevin Lu and
                  Aravind Rajeswaran and
                  Kimin Lee and
                  Aditya Grover and
                  Michael Laskin and
                  Pieter Abbeel and
                  Aravind Srinivas and
                  Igor Mordatch},
  title        = {Decision Transformer: Reinforcement Learning via Sequence Modeling},
  journal      = {CoRR},
  volume       = {abs/2106.01345},
  year         = {2021},
  url          = {https://arxiv.org/abs/2106.01345},
  eprinttype    = {arXiv},
  eprint       = {2106.01345},
  timestamp    = {Thu, 10 Jun 2021 16:34:18 +0200},
  biburl       = {https://dblp.org/rec/journals/corr/abs-2106-01345.bib},
  bibsource    = {dblp computer science bibliography, https://dblp.org}
}

@article{u-net,
  author       = {Olaf Ronneberger and
                  Philipp Fischer and
                  Thomas Brox},
  title        = {U-Net: Convolutional Networks for Biomedical Image Segmentation},
  journal      = {CoRR},
  volume       = {abs/1505.04597},
  year         = {2015},
  url          = {http://arxiv.org/abs/1505.04597},
  eprinttype    = {arXiv},
  eprint       = {1505.04597},
  timestamp    = {Mon, 13 Aug 2018 16:46:52 +0200},
  biburl       = {https://dblp.org/rec/journals/corr/RonnebergerFB15.bib},
  bibsource    = {dblp computer science bibliography, https://dblp.org}
}

@article{lraspp,
  author       = {Andrew Howard and
                  Mark Sandler and
                  Grace Chu and
                  Liang{-}Chieh Chen and
                  Bo Chen and
                  Mingxing Tan and
                  Weijun Wang and
                  Yukun Zhu and
                  Ruoming Pang and
                  Vijay Vasudevan and
                  Quoc V. Le and
                  Hartwig Adam},
  title        = {Searching for MobileNetV3},
  journal      = {CoRR},
  volume       = {abs/1905.02244},
  year         = {2019},
  url          = {http://arxiv.org/abs/1905.02244},
  eprinttype    = {arXiv},
  eprint       = {1905.02244},
  timestamp    = {Thu, 27 May 2021 16:20:51 +0200},
  biburl       = {https://dblp.org/rec/journals/corr/abs-1905-02244.bib},
  bibsource    = {dblp computer science bibliography, https://dblp.org}
}

@inproceedings{falahatgar2017maxing,
  title = {Maxing and {{Ranking}} with {{Few Assumptions}}},
  booktitle = {Advances in {{Neural Information Processing Systems}}},
  author = {Falahatgar, Moein and Hao, Yi and Orlitsky, Alon and Pichapati, Venkatadheeraj and Ravindrakumar, Vaishakh},
  year = {2017},
  volume = {30},
  publisher = {{Curran Associates, Inc.}},
  urldate = {2023-05-02}
}

@misc{maintainers2016torchvision,
  title = {{{TorchVision}}: {{PyTorch}}'s {{Computer Vision}} Library},
  shorttitle = {{{TorchVision}}},
  author = {{maintainers}, TorchVision and {contributors}},
  year = {2016},
  month = nov,
  urldate = {2023-05-02},
  copyright = {BSD-3-Clause}
}

@inproceedings{paszke2019pytorch,
  title = {{{PyTorch}}: {{An Imperative Style}}, {{High-Performance Deep Learning Library}}},
  shorttitle = {{{PyTorch}}},
  booktitle = {Advances in {{Neural Information Processing Systems}}},
  author = {Paszke, Adam and Gross, Sam and Massa, Francisco and Lerer, Adam and Bradbury, James and Chanan, Gregory and Killeen, Trevor and Lin, Zeming and Gimelshein, Natalia and Antiga, Luca and Desmaison, Alban and Kopf, Andreas and Yang, Edward and DeVito, Zachary and Raison, Martin and Tejani, Alykhan and Chilamkurthy, Sasank and Steiner, Benoit and Fang, Lu and Bai, Junjie and Chintala, Soumith},
  year = {2019},
  volume = {32},
  publisher = {{Curran Associates, Inc.}},
  urldate = {2023-05-02}
}

@article{waskom2021seaborn,
  title = {Seaborn: Statistical Data Visualization},
  shorttitle = {Seaborn},
  author = {Waskom, Michael L.},
  year = {2021},
  month = apr,
  journal = {Journal of Open Source Software},
  volume = {6},
  number = {60},
  pages = {3021},
  issn = {2475-9066},
  doi = {10.21105/joss.03021},
  urldate = {2023-05-02},
  langid = {english}
}

@ARTICLE{cloning,
  author={Pomerleau, Dean A.},
  journal={Neural Computation}, 
  title={Efficient Training of Artificial Neural Networks for Autonomous Navigation}, 
  year={1991},
  volume={3},
  number={1},
  pages={88-97},
  doi={10.1162/neco.1991.3.1.88}}

  @misc{scaling,
      title={Mastering Diverse Domains through World Models}, 
      author={Danijar Hafner and Jurgis Pasukonis and Jimmy Ba and Timothy Lillicrap},
      year={2023},
      eprint={2301.04104},
      archivePrefix={arXiv},
      primaryClass={cs.AI}
}

@article{imbalance,
  author       = {Junjiao Tian and
                  Niluthpol Chowdhury Mithun and
                  Zachary Seymour and
                  Han{-}Pang Chiu and
                  Zsolt Kira},
  title        = {Striking the Right Balance: Recall Loss for Semantic Segmentation},
  journal      = {CoRR},
  volume       = {abs/2106.14917},
  year         = {2021},
  url          = {https://arxiv.org/abs/2106.14917},
  eprinttype    = {arXiv},
  eprint       = {2106.14917},
  timestamp    = {Mon, 05 Jul 2021 15:15:50 +0200},
  biburl       = {https://dblp.org/rec/journals/corr/abs-2106-14917.bib},
  bibsource    = {dblp computer science bibliography, https://dblp.org}
}
