
@article{behnel2011cython,
  title = {Cython: {{The Best}} of {{Both Worlds}}},
  shorttitle = {Cython},
  author = {Behnel, Stefan and Bradshaw, Robert and Citro, Craig and Dalcin, Lisandro and Seljebotn, Dag Sverre and Smith, Kurt},
  year = {2011},
  month = mar,
  journal = {Computing in Science \& Engineering},
  volume = {13},
  number = {2},
  pages = {31--39},
  issn = {1558-366X},
  doi = {10.1109/MCSE.2010.118}
}

@misc{chalupka2012framework,
  title = {A {{Framework}} for {{Evaluating Approximation Methods}} for {{Gaussian Process Regression}}},
  author = {Chalupka, Krzysztof and Williams, Christopher K. I. and Murray, Iain},
  year = {2012},
  month = nov,
  number = {arXiv:1205.6326},
  eprint = {1205.6326},
  eprinttype = {arxiv},
  primaryclass = {cs, stat},
  publisher = {{arXiv}},
  doi = {10.48550/arXiv.1205.6326},
  archiveprefix = {arXiv}
}

@article{clark2018greedy,
  title = {Greedy {{Sensor Placement}} with {{Cost Constraints}}},
  author = {Clark, Emily and Askham, Travis and Brunton, Steven L. and Kutz, J. Nathan},
  year = {2018},
  month = may,
  journal = {arXiv:1805.03717 [math]},
  eprint = {1805.03717},
  eprinttype = {arxiv},
  primaryclass = {math},
  archiveprefix = {arXiv}
}

@article{cohn1996neural,
  title = {Neural {{Network Exploration Using Optimal Experiment Design}}},
  author = {Cohn, David A.},
  year = {1996},
  month = aug,
  journal = {Neural Networks},
  volume = {9},
  number = {6},
  pages = {1071--1083},
  issn = {08936080},
  doi = {10.1016/0893-6080(95)00137-9},
  langid = {english}
}

@misc{gramacy2014local,
  title = {Local {{Gaussian}} Process Approximation for Large Computer Experiments},
  author = {Gramacy, Robert B. and Apley, Daniel W.},
  year = {2014},
  month = oct,
  number = {arXiv:1303.0383},
  eprint = {1303.0383},
  eprinttype = {arxiv},
  primaryclass = {stat},
  publisher = {{arXiv}},
  archiveprefix = {arXiv},
  langid = {english}
}

@misc{gramacy2015speeding,
  title = {Speeding up Neighborhood Search in Local {{Gaussian}} Process Prediction},
  author = {Gramacy, Robert B. and Haaland, Benjamin},
  year = {2015},
  month = jan,
  number = {arXiv:1409.0074},
  eprint = {1409.0074},
  eprinttype = {arxiv},
  primaryclass = {stat},
  publisher = {{arXiv}},
  archiveprefix = {arXiv},
  langid = {english}
}

@article{guinness2018permutation,
  title = {Permutation and {{Grouping Methods}} for {{Sharpening Gaussian Process Approximations}}},
  author = {Guinness, Joseph},
  year = {2018},
  month = oct,
  journal = {Technometrics},
  volume = {60},
  number = {4},
  eprint = {1609.05372},
  eprinttype = {arxiv},
  primaryclass = {stat},
  pages = {415--429},
  issn = {0040-1706, 1537-2723},
  doi = {10.1080/00401706.2018.1437476},
  archiveprefix = {arXiv}
}

@article{harris2020array,
  title = {Array Programming with {{NumPy}}},
  author = {Harris, Charles R. and Millman, K. Jarrod and {van der Walt}, St{\'e}fan J. and Gommers, Ralf and Virtanen, Pauli and Cournapeau, David and Wieser, Eric and Taylor, Julian and Berg, Sebastian and Smith, Nathaniel J. and Kern, Robert and Picus, Matti and Hoyer, Stephan and {van Kerkwijk}, Marten H. and Brett, Matthew and Haldane, Allan and {del R{\'i}o}, Jaime Fern{\'a}ndez and Wiebe, Mark and Peterson, Pearu and {G{\'e}rard-Marchant}, Pierre and Sheppard, Kevin and Reddy, Tyler and Weckesser, Warren and Abbasi, Hameer and Gohlke, Christoph and Oliphant, Travis E.},
  year = {2020},
  month = sep,
  journal = {Nature},
  volume = {585},
  number = {7825},
  pages = {357--362},
  publisher = {{Nature Publishing Group}},
  issn = {1476-4687},
  doi = {10.1038/s41586-020-2649-2},
  copyright = {2020 The Author(s)},
  langid = {english}
}

@inproceedings{herbrich2002fast,
  title = {Fast {{Sparse Gaussian Process Methods}}: {{The Informative Vector Machine}}},
  shorttitle = {Fast {{Sparse Gaussian Process Methods}}},
  booktitle = {Advances in {{Neural Information Processing Systems}}},
  author = {Herbrich, Ralf and Lawrence, Neil and Seeger, Matthias},
  year = {2002},
  volume = {15},
  publisher = {{MIT Press}}
}

@article{hunter2007matplotlib,
  title = {Matplotlib: {{A 2D Graphics Environment}}},
  shorttitle = {Matplotlib},
  author = {Hunter, John D.},
  year = {2007},
  month = may,
  journal = {Computing in Science \& Engineering},
  volume = {9},
  number = {3},
  pages = {90--95},
  issn = {1558-366X},
  doi = {10.1109/MCSE.2007.55}
}

@misc{kang2021correlationbased,
  title = {Correlation-Based Sparse Inverse {{Cholesky}} Factorization for Fast {{Gaussian-process}} Inference},
  author = {Kang, Myeongjong and Katzfuss, Matthias},
  year = {2021},
  month = dec,
  number = {arXiv:2112.14591},
  eprint = {2112.14591},
  eprinttype = {arxiv},
  primaryclass = {stat},
  publisher = {{arXiv}},
  archiveprefix = {arXiv},
  langid = {english}
}

@article{kaporin1990alternative,
  title = {An Alternative Approach to Estimating the Convergence Rate of the {{CG}} Method},
  author = {Kaporin, I. E.},
  year = {1990},
  journal = {Numerical Methods and Software, Yu. A. Kuznetsov, ed., Dept. of Numerical Mathematics, USSR Academy of Sciences, Moscow},
  pages = {55--72}
}

@article{katzfuss2021general,
  title = {A {{General Framework}} for {{Vecchia Approximations}} of {{Gaussian Processes}}},
  author = {Katzfuss, Matthias and Guinness, Joseph},
  year = {2021},
  month = feb,
  journal = {Statistical Science},
  volume = {36},
  number = {1},
  pages = {124--141},
  publisher = {{Institute of Mathematical Statistics}},
  issn = {0883-4237, 2168-8745},
  doi = {10.1214/19-STS755}
}

@misc{katzfuss2022scalable,
  title = {Scalable {{Bayesian}} Transport Maps for High-Dimensional Non-{{Gaussian}} Spatial Fields},
  author = {Katzfuss, Matthias and Sch{\"a}fer, Florian},
  year = {2022},
  month = feb,
  number = {arXiv:2108.04211},
  eprint = {2108.04211},
  eprinttype = {arxiv},
  primaryclass = {stat},
  institution = {{arXiv}},
  archiveprefix = {arXiv}
}

@article{krause2008nearoptimal,
  title = {Near-{{Optimal Sensor Placements}} in {{Gaussian Processes}}: {{Theory}}, {{Efficient Algorithms}} and {{Empirical Studies}}},
  shorttitle = {Near-{{Optimal Sensor Placements}} in {{Gaussian Processes}}},
  author = {Krause, Andreas and Singh, Ajit and Guestrin, Carlos},
  year = {2008},
  month = jun,
  journal = {The Journal of Machine Learning Research},
  volume = {9},
  pages = {235--284},
  issn = {1532-4435}
}

@inproceedings{krause2015more,
  title = {A {{More Efficient Rank-one Covariance Matrix Update}} for {{Evolution Strategies}}},
  booktitle = {Proceedings of the 2015 {{ACM Conference}} on {{Foundations}} of {{Genetic Algorithms XIII}}},
  author = {Krause, Oswin and Igel, Christian},
  year = {2015},
  month = jan,
  series = {{{FOGA}} '15},
  pages = {129--136},
  publisher = {{Association for Computing Machinery}},
  address = {{New York, NY, USA}},
  doi = {10.1145/2725494.2725496},
  isbn = {978-1-4503-3434-1}
}

@article{kyng2016approximate,
  title = {Approximate {{Gaussian Elimination}} for {{Laplacians}}: {{Fast}}, {{Sparse}}, and {{Simple}}},
  shorttitle = {Approximate {{Gaussian Elimination}} for {{Laplacians}}},
  author = {Kyng, Rasmus and Sachdeva, Sushant},
  year = {2016},
  month = may,
  journal = {arXiv:1605.02353 [cs]},
  eprint = {1605.02353},
  eprinttype = {arxiv},
  primaryclass = {cs},
  archiveprefix = {arXiv}
}

@article{lecun1998gradientbased,
  title = {Gradient-Based Learning Applied to Document Recognition},
  author = {Lecun, Y. and Bottou, L. and Bengio, Y. and Haffner, P.},
  year = {1998},
  month = nov,
  journal = {Proceedings of the IEEE},
  volume = {86},
  number = {11},
  pages = {2278--2324},
  issn = {1558-2256},
  doi = {10.1109/5.726791}
}

@article{liu2020when,
  title = {When {{Gaussian Process Meets Big Data}}: {{A Review}} of {{Scalable GPs}}},
  shorttitle = {When {{Gaussian Process Meets Big Data}}},
  author = {Liu, Haitao and Ong, Yew-Soon and Shen, Xiaobo and Cai, Jianfei},
  year = {2020},
  month = nov,
  journal = {IEEE Transactions on Neural Networks and Learning Systems},
  volume = {31},
  number = {11},
  pages = {4405--4423},
  issn = {2162-2388},
  doi = {10.1109/TNNLS.2019.2957109}
}

@article{marzouk2016introduction,
  title = {An Introduction to Sampling via Measure Transport},
  author = {Marzouk, Youssef and Moselhy, Tarek and Parno, Matthew and Spantini, Alessio},
  year = {2016},
  journal = {arXiv:1602.05023 [math, stat]},
  eprint = {1602.05023},
  eprinttype = {arxiv},
  primaryclass = {math, stat},
  pages = {1--41},
  doi = {10.1007/978-3-319-11259-6_23-1},
  archiveprefix = {arXiv}
}

@misc{mutny2022experimental,
  title = {Experimental {{Design}} for {{Linear Functionals}} in {{Reproducing Kernel Hilbert Spaces}}},
  author = {Mutn{\'y}, Mojm{\'i}r and Krause, Andreas},
  year = {2022},
  month = may,
  number = {arXiv:2205.13627},
  eprint = {2205.13627},
  eprinttype = {arxiv},
  primaryclass = {cs, math, stat},
  publisher = {{arXiv}},
  archiveprefix = {arXiv},
  langid = {english}
}

@article{pedregosa2011scikitlearn,
  title = {Scikit-Learn: {{Machine Learning}} in {{Python}}},
  shorttitle = {Scikit-Learn},
  author = {Pedregosa, Fabian and Varoquaux, Ga{\"e}l and Gramfort, Alexandre and Michel, Vincent and Thirion, Bertrand and Grisel, Olivier and Blondel, Mathieu and Prettenhofer, Peter and Weiss, Ron and Dubourg, Vincent and Vanderplas, Jake and Passos, Alexandre and Cournapeau, David and Brucher, Matthieu and Perrot, Matthieu and Duchesnay, {\'E}douard},
  year = {2011},
  journal = {Journal of Machine Learning Research},
  volume = {12},
  number = {85},
  pages = {2825--2830},
  issn = {1533-7928}
}

@article{quinonero-candela2005unifying,
  title = {A {{Unifying View}} of {{Sparse Approximate Gaussian Process Regression}}},
  author = {{Qui{\~n}onero-Candela}, Joaquin and Rasmussen, Carl Edward},
  year = {2005},
  journal = {Journal of Machine Learning Research},
  volume = {6},
  number = {65},
  pages = {1939--1959},
  issn = {1533-7928}
}

@book{rasmussen2006gaussian,
  title = {Gaussian Processes for Machine Learning},
  author = {Rasmussen, Carl Edward and Williams, Christopher K. I.},
  year = {2006},
  series = {Adaptive Computation and Machine Learning},
  publisher = {{MIT Press}},
  address = {{Cambridge, Mass}},
  isbn = {978-0-262-18253-9},
  langid = {english},
  lccn = {QA274.4 .R37 2006},
  annotation = {OCLC: ocm61285753}
}

@book{rue2005gaussian,
  title = {Gaussian {{Markov Random Fields}}: {{Theory}} and {{Applications}}},
  shorttitle = {Gaussian {{Markov Random Fields}}},
  author = {Rue, Havard and Held, Leonhard},
  year = {2005},
  month = feb,
  publisher = {{Chapman and Hall/CRC}},
  address = {{New York}},
  doi = {10.1201/9780203492024},
  isbn = {978-0-429-20882-9}
}

@article{schafer2020compression,
  title = {Compression, Inversion, and Approximate {{PCA}} of Dense Kernel Matrices at near-Linear Computational Complexity},
  author = {Sch{\"a}fer, Florian and Sullivan, T. J. and Owhadi, Houman},
  year = {2020},
  month = oct,
  journal = {arXiv:1706.02205 [cs, math]},
  eprint = {1706.02205},
  eprinttype = {arxiv},
  primaryclass = {cs, math},
  archiveprefix = {arXiv}
}

@article{schafer2021sparse,
  title = {Sparse {{Cholesky}} Factorization by {{Kullback-Leibler}} Minimization},
  author = {Sch{\"a}fer, Florian and Katzfuss, Matthias and Owhadi, Houman},
  year = {2021},
  month = oct,
  journal = {arXiv:2004.14455 [cs, math, stat]},
  eprint = {2004.14455},
  eprinttype = {arxiv},
  primaryclass = {cs, math, stat},
  archiveprefix = {arXiv}
}

@inproceedings{seeger2003fast,
  title = {Fast {{Forward Selection}} to {{Speed Up Sparse Gaussian Process Regression}}},
  booktitle = {In {{Workshop}} on {{AI}} and {{Statistics}} 9},
  author = {Seeger, Matthias and Williams, Christopher K. I.},
  year = {2003}
}

@inproceedings{smola2000sparse,
  title = {Sparse {{Greedy Gaussian Process Regression}}},
  booktitle = {Advances in {{Neural Information Processing Systems}}},
  author = {Smola, Alex and Bartlett, Peter},
  year = {2000},
  volume = {13},
  publisher = {{MIT Press}}
}

@article{spantini2018inference,
  title = {Inference via Low-Dimensional Couplings},
  author = {Spantini, Alessio and Bigoni, Daniele and Marzouk, Youssef},
  year = {2018},
  month = jan,
  journal = {The Journal of Machine Learning Research},
  volume = {19},
  number = {1},
  pages = {2639--2709},
  issn = {1532-4435}
}

@article{stein2002screening,
  title = {The Screening Effect in {{Kriging}}},
  author = {Stein, Michael L.},
  year = {2002},
  month = feb,
  journal = {The Annals of Statistics},
  volume = {30},
  number = {1},
  pages = {298--323},
  publisher = {{Institute of Mathematical Statistics}},
  issn = {0090-5364, 2168-8966},
  doi = {10.1214/aos/1015362194}
}

@article{stein20112010,
  title = {2010 {{Rietz}} Lecture: {{When}} Does the Screening Effect Hold?},
  shorttitle = {2010 {{Rietz}} Lecture},
  author = {Stein, Michael L.},
  year = {2011},
  month = dec,
  journal = {The Annals of Statistics},
  volume = {39},
  number = {6},
  pages = {2795--2819},
  publisher = {{Institute of Mathematical Statistics}},
  issn = {0090-5364, 2168-8966},
  doi = {10.1214/11-AOS909}
}

@misc{sun2019emulating,
  title = {Emulating Satellite Drag from Large Simulation Experiments},
  author = {Sun, Furong and Gramacy, Robert B. and Haaland, Benjamin and Lawrence, Earl and Walker, Andrew},
  year = {2019},
  month = jun,
  number = {arXiv:1712.00182},
  eprint = {1712.00182},
  eprinttype = {arxiv},
  primaryclass = {stat},
  publisher = {{arXiv}},
  doi = {10.48550/arXiv.1712.00182},
  archiveprefix = {arXiv}
}

@article{tropp2006algorithms,
  title = {Algorithms for Simultaneous Sparse Approximation. {{Part I}}: {{Greedy}} Pursuit},
  shorttitle = {Algorithms for Simultaneous Sparse Approximation. {{Part I}}},
  author = {Tropp, Joel A. and Gilbert, Anna C. and Strauss, Martin J.},
  year = {2006},
  month = mar,
  journal = {Signal Processing},
  volume = {86},
  number = {3},
  pages = {572--588},
  issn = {01651684},
  doi = {10.1016/j.sigpro.2005.05.030},
  langid = {english}
}

@article{tropp2007signal,
  title = {Signal {{Recovery From Random Measurements Via Orthogonal Matching Pursuit}}},
  author = {Tropp, Joel A. and Gilbert, Anna C.},
  year = {2007},
  month = dec,
  journal = {IEEE Transactions on Information Theory},
  volume = {53},
  number = {12},
  pages = {4655--4666},
  issn = {1557-9654},
  doi = {10.1109/TIT.2007.909108}
}

@article{vecchia1988estimation,
  title = {Estimation and {{Model Identification}} for {{Continuous Spatial Processes}}},
  author = {Vecchia, A. V.},
  year = {1988},
  journal = {Journal of the Royal Statistical Society: Series B (Methodological)},
  volume = {50},
  number = {2},
  pages = {297--312},
  issn = {2517-6161},
  doi = {10.1111/j.2517-6161.1988.tb01729.x},
  langid = {english},
  annotation = {\_eprint: https://onlinelibrary.wiley.com/doi/pdf/10.1111/j.2517-6161.1988.tb01729.x}
}

@article{virtanen2020scipy,
  title = {{{SciPy}} 1.0: Fundamental Algorithms for Scientific Computing in {{Python}}},
  shorttitle = {{{SciPy}} 1.0},
  author = {Virtanen, Pauli and Gommers, Ralf and Oliphant, Travis E. and Haberland, Matt and Reddy, Tyler and Cournapeau, David and Burovski, Evgeni and Peterson, Pearu and Weckesser, Warren and Bright, Jonathan and {van der Walt}, St{\'e}fan J. and Brett, Matthew and Wilson, Joshua and Millman, K. Jarrod and Mayorov, Nikolay and Nelson, Andrew R. J. and Jones, Eric and Kern, Robert and Larson, Eric and Carey, C. J. and Polat, {\.I}lhan and Feng, Yu and Moore, Eric W. and VanderPlas, Jake and Laxalde, Denis and Perktold, Josef and Cimrman, Robert and Henriksen, Ian and Quintero, E. A. and Harris, Charles R. and Archibald, Anne M. and Ribeiro, Ant{\^o}nio H. and Pedregosa, Fabian and {van Mulbregt}, Paul},
  year = {2020},
  month = mar,
  journal = {Nature Methods},
  volume = {17},
  number = {3},
  pages = {261--272},
  publisher = {{Nature Publishing Group}},
  issn = {1548-7105},
  doi = {10.1038/s41592-019-0686-2},
  copyright = {2020 The Author(s)},
  langid = {english}
}

@inproceedings{wada2013gaussian,
  title = {Gaussian {{Process Regression}} with {{Dynamic Active Set}} and {{Its Application}} to {{Anomaly Detection}}},
  booktitle = {Proceedings of the {{International Conference}} on {{Data Science}} ({{ICDATA}})},
  author = {Wada, Toshikazu and Matsumura, Yuki and Maeda, Shunji and Shibuya, Hisae},
  year = {2013},
  pages = {7},
  langid = {english}
}

@article{yeremin2000factorized,
  title = {Factorized Sparse Approximate Inverse Preconditionings. {{III}}. {{Iterative}} Construction of Preconditioners},
  author = {Yeremin, A. Y. and Kolotilina, L. Y. and Nikishin, A. A.},
  year = {2000},
  month = sep,
  journal = {Journal of Mathematical Sciences},
  volume = {101},
  number = {4},
  pages = {3237--3254},
  issn = {1573-8795},
  doi = {10.1007/BF02672769},
  langid = {english}
}


