@article{bajgiran2022uncertainty,
  title = {Uncertainty Quantification of the 4th Kind; Optimal Posterior Accuracy-Uncertainty Tradeoff with the Minimum Enclosing Ball},
  author = {Bajgiran, Hamed Hamze and Batlle, Pau and Owhadi, Houman and Samir, Mostafa and Scovel, Clint and Shirdel, Mahdy and Stanley, Michael and Tavallali, Peyman},
  year = {2022},
  month = dec,
  journal = {Journal of Computational Physics},
  volume = {471},
  pages = {111608},
  issn = {0021-9991},
  doi = {10.1016/j.jcp.2022.111608},
  urldate = {2023-06-27},
  langid = {english}
}

@misc{bezanson2012julia,
  title = {Julia: {{A Fast Dynamic Language}} for {{Technical Computing}}},
  shorttitle = {Julia},
  author = {Bezanson, Jeff and Karpinski, Stefan and Shah, Viral B. and Edelman, Alan},
  year = {2012},
  month = sep,
  number = {arXiv:1209.5145},
  eprint = {1209.5145},
  primaryclass = {cs},
  publisher = {{arXiv}},
  urldate = {2022-07-16},
  archiveprefix = {arxiv},
  langid = {english}
}

@inproceedings{cao2022reshaping,
  title = {Reshaping Geostatistical Modeling and Prediction for Extreme-Scale Environmental Applications},
  booktitle = {Proceedings of the {{International Conference}} on {{High Performance Computing}}, {{Networking}}, {{Storage}} and {{Analysis}}},
  author = {Cao, Qinglei and Abdulah, Sameh and Alomairy, Rabab and Pei, Yu and Nag, Pratik and Bosilca, George and Dongarra, Jack and Genton, Marc G. and Keyes, David E. and Ltaief, Hatem and Sun, Ying},
  year = {2022},
  month = nov,
  series = {{{SC}} '22},
  pages = {1--12},
  publisher = {{IEEE Press}},
  address = {{Dallas, Texas}},
  urldate = {2023-02-08}
}

@misc{chen2023randomly,
  title = {Randomly Pivoted {{Cholesky}}: {{Practical}} Approximation of a Kernel Matrix with Few Entry Evaluations},
  shorttitle = {Randomly Pivoted {{Cholesky}}},
  author = {Chen, Yifan and Epperly, Ethan N. and Tropp, Joel A. and Webber, Robert J.},
  year = {2023},
  month = feb,
  number = {arXiv:2207.06503},
  eprint = {2207.06503},
  primaryclass = {cs, math, stat},
  publisher = {{arXiv}},
  doi = {10.48550/arXiv.2207.06503},
  archiveprefix = {arxiv}
}

@misc{huan2023sparse,
  title = {Sparse {{Cholesky}} Factorization by Greedy Conditional Selection},
  author = {Huan, Stephen and Guinness, Joseph and Katzfuss, Matthias and Owhadi, Houman and Sch{\"a}fer, Florian},
  year = {2023},
  month = jul,
  number = {arXiv:2307.11648},
  eprint = {2307.11648},
  primaryclass = {cs, math, stat},
  publisher = {{arXiv}},
  doi = {10.48550/arXiv.2307.11648},
  archiveprefix = {arxiv}
}

@article{lavrentiadis2021nonergodic,
  title = {A Non-Ergodic Effective Amplitude Ground-Motion Model for {{California}}},
  author = {Lavrentiadis, Grigorios and Abrahamson, Norman A. and Kuehn, Nicolas M.},
  year = {2021},
  month = sep,
  journal = {Bulletin of Earthquake Engineering},
  issn = {1573-1456},
  doi = {10.1007/s10518-021-01206-w},
  urldate = {2023-06-22},
  langid = {english}
}

@article{lavrentiadis2022overview,
  title = {Overview and Introduction to Development of Non-Ergodic Earthquake Ground-Motion Models},
  author = {Lavrentiadis, Grigorios and Abrahamson, Norman A. and Nicolas, Kuehn M. and Bozorgnia, Yousef and Goulet, Christine A. and Babi{\v c}, An{\v z}e and Macedo, Jorge and Dol{\v s}ek, Matja{\v z} and Gregor, Nicholas and Kottke, Albert R. and Lacour, Maxime and Liu, Chenying and Meng, Xiaofeng and Phung, Van-Bang and Sung, Chih-Hsuan and Walling, Melanie},
  year = {2022},
  month = aug,
  journal = {Bulletin of Earthquake Engineering},
  issn = {1573-1456},
  doi = {10.1007/s10518-022-01485-x},
  langid = {english}
}

@article{owhadi2019kernel,
  title = {Kernel {{Flows}}: From Learning Kernels from Data into the Abyss},
  shorttitle = {Kernel {{Flows}}},
  author = {Owhadi, Houman and Yoo, Gene Ryan},
  year = {2019},
  month = jul,
  journal = {Journal of Computational Physics},
  volume = {389},
  eprint = {1808.04475},
  primaryclass = {cs, stat},
  pages = {22--47},
  issn = {00219991},
  doi = {10.1016/j.jcp.2019.03.040},
  urldate = {2023-06-29},
  archiveprefix = {arxiv},
  langid = {english}
}

@article{susiluoto2020efficient,
  title = {Efficient Multi-Scale {{Gaussian}} Process Regression for Massive Remote Sensing Data with {{satGP}} v0.1.2},
  author = {Susiluoto, Jouni and Spantini, Alessio and Haario, Heikki and H{\"a}rk{\"o}nen, Teemu and Marzouk, Youssef},
  year = {2020},
  month = jul,
  journal = {Geoscientific Model Development},
  volume = {13},
  number = {7},
  pages = {3439--3463},
  issn = {1991-9603},
  doi = {10.5194/gmd-13-3439-2020},
  urldate = {2023-04-10},
  langid = {english}
}
