@article{schafer2020sparse,
  title={Sparse {Cholesky} factorization by {Kullback-Leibler} minimization},
  author={Sch{\"a}fer, Florian and Katzfuss, Matthias and Owhadi, Houman},
  journal={arXiv preprint arXiv:2004.14455},
  year={2020},
  % url={https://arxiv.org/abs/2004.14455}
}

