@misc{ngnl,
  author = {NekoSpectrus},
  title = {File:No-Game-No-Life-anime-logo.svg},
  year = {2014},
  url = {https://commons.wikimedia.org/wiki/File:No-Game-No-Life-anime-logo.svg}
}

@article{DBLP:journals/corr/FinnCAL16,
  author    = {Chelsea Finn and
               Paul F. Christiano and
               Pieter Abbeel and
               Sergey Levine},
  title     = {A Connection between Generative Adversarial Networks, Inverse Reinforcement
               Learning, and Energy-Based Models},
  journal   = {CoRR},
  volume    = {abs/1611.03852},
  year      = {2016},
  url       = {http://arxiv.org/abs/1611.03852},
  archivePrefix = {arXiv},
  eprint    = {1611.03852},
  timestamp = {Mon, 13 Aug 2018 16:47:13 +0200},
  biburl    = {https://dblp.org/rec/journals/corr/FinnCAL16.bib},
  bibsource = {dblp computer science bibliography, https://dblp.org}
}

@misc{thistlethwaite,
  author = {Neil Thistlethwaite},
  title = {Advanced GANs},
  month = {February},
  year = {2018},
  url = {https://tjmachinelearning.com/lectures/1718/advgan/}
}

@article{DBLP:journals/corr/abs-1712-01815,
  author    = {David Silver and
               Thomas Hubert and
               Julian Schrittwieser and
               Ioannis Antonoglou and
               Matthew Lai and
               Arthur Guez and
               Marc Lanctot and
               Laurent Sifre and
               Dharshan Kumaran and
               Thore Graepel and
               Timothy P. Lillicrap and
               Karen Simonyan and
               Demis Hassabis},
  title     = {Mastering Chess and Shogi by Self-Play with a General Reinforcement
               Learning Algorithm},
  journal   = {CoRR},
  volume    = {abs/1712.01815},
  year      = {2017},
  url       = {http://arxiv.org/abs/1712.01815},
  archivePrefix = {arXiv},
  eprint    = {1712.01815},
  timestamp = {Mon, 13 Aug 2018 16:46:01 +0200},
  biburl    = {https://dblp.org/rec/journals/corr/abs-1712-01815.bib},
  bibsource = {dblp computer science bibliography, https://dblp.org}
}

@ARTICLE{2019arXiv191007113O,
       author = {{OpenAI} and {Akkaya}, Ilge and {Andrychowicz}, Marcin and
         {Chociej}, Maciek and {Litwin}, Mateusz and {McGrew}, Bob and
         {Petron}, Arthur and {Paino}, Alex and {Plappert}, Matthias and
         {Powell}, Glenn and {Ribas}, Raphael and {Schneider}, Jonas and
         {Tezak}, Nikolas and {Tworek}, Jerry and {Welinder}, Peter and
         {Weng}, Lilian and {Yuan}, Qiming and {Zaremba}, Wojciech and
         {Zhang}, Lei},
        title = "{Solving Rubik's Cube with a Robot Hand}",
      journal = {arXiv e-prints},
     keywords = {Computer Science - Machine Learning, Computer Science - Artificial Intelligence, Computer Science - Computer Vision and Pattern Recognition, Computer Science - Robotics, Statistics - Machine Learning},
         year = 2019,
        month = oct,
          eid = {arXiv:1910.07113},
        pages = {arXiv:1910.07113},
archivePrefix = {arXiv},
       eprint = {1910.07113},
 primaryClass = {cs.LG},
       adsurl = {https://ui.adsabs.harvard.edu/abs/2019arXiv191007113O},
      adsnote = {Provided by the SAO/NASA Astrophysics Data System}
}

@inproceedings{Neller2013AnIT,
  title={An Introduction to Counterfactual Regret Minimization},
  author={Todd W. Neller and Marc Lanctot},
  month = {July},
  year={2013},
  url = {http://modelai.gettysburg.edu/2013/cfr/cfr.pdf}
}

@INPROCEEDINGS{Buro97experimentswith,
    author = {Michael Buro},
    title = {Experiments with Multi-ProbCut and a New High-Quality Evaluation Function for Othello},
    booktitle = {Games in AI Research},
    year = {1997},
    pages = {77--96},
    url = {https://skatgame.net/mburo/ps/improve.pdf}
}

@article{DBLP:journals/corr/abs-1811-03119,
  author    = {Jared Markowitz and
               Ryan W. Gardner and
               Ashley J. Llorens},
  title     = {On the Complexity of Reconnaissance Blind Chess},
  journal   = {CoRR},
  volume    = {abs/1811.03119},
  year      = {2018},
  url       = {http://arxiv.org/abs/1811.03119},
  archivePrefix = {arXiv},
  eprint    = {1811.03119},
  timestamp = {Thu, 22 Nov 2018 17:58:30 +0100},
  biburl    = {https://dblp.org/rec/journals/corr/abs-1811-03119.bib},
  bibsource = {dblp computer science bibliography, https://dblp.org}
}

@inproceedings{DBLP:conf/nips/GibsonBLS12,
  author={Richard G. Gibson and Neil Burch and Marc Lanctot and Duane Szafron},
  title={Efficient Monte Carlo Counterfactual Regret Minimization in Games with Many Player Actions},
  year={2012},
  cdate={1325376000000},
  pages={1889-1897},
  url={http://papers.nips.cc/paper/4569-efficient-monte-carlo-counterfactual-regret-minimization-in-games-with-many-player-actions},
  booktitle={NIPS},
  crossref={conf/nips/2012}
}

@article{DBLP:journals/corr/abs-1811-00164,
  author    = {Noam Brown and
               Adam Lerer and
               Sam Gross and
               Tuomas Sandholm},
  title     = {Deep Counterfactual Regret Minimization},
  journal   = {CoRR},
  volume    = {abs/1811.00164},
  year      = {2018},
  url       = {http://arxiv.org/abs/1811.00164},
  archivePrefix = {arXiv},
  eprint    = {1811.00164},
  timestamp = {Thu, 22 Nov 2018 17:58:30 +0100},
  biburl    = {https://dblp.org/rec/journals/corr/abs-1811-00164.bib},
  bibsource = {dblp computer science bibliography, https://dblp.org}
}

@article{DBLP:journals/corr/abs-1901-07621,
  author    = {Eric Steinberger},
  title     = {Single Deep Counterfactual Regret Minimization},
  journal   = {CoRR},
  volume    = {abs/1901.07621},
  year      = {2019},
  url       = {http://arxiv.org/abs/1901.07621},
  archivePrefix = {arXiv},
  eprint    = {1901.07621},
  timestamp = {Sat, 02 Feb 2019 16:56:00 +0100},
  biburl    = {https://dblp.org/rec/journals/corr/abs-1901-07621.bib},
  bibsource = {dblp computer science bibliography, https://dblp.org}
}

@article{DBLP:journals/corr/HeinrichS16,
  author    = {Johannes Heinrich and
               David Silver},
  title     = {Deep Reinforcement Learning from Self-Play in Imperfect-Information
               Games},
  journal   = {CoRR},
  volume    = {abs/1603.01121},
  year      = {2016},
  url       = {http://arxiv.org/abs/1603.01121},
  archivePrefix = {arXiv},
  eprint    = {1603.01121},
  timestamp = {Mon, 13 Aug 2018 16:47:19 +0200},
  biburl    = {https://dblp.org/rec/journals/corr/HeinrichS16.bib},
  bibsource = {dblp computer science bibliography, https://dblp.org}
}
