### papers

@article{stylegan,
  author    = {Tero Karras and
               Samuli Laine and
               Timo Aila},
  title     = {A Style-Based Generator Architecture for Generative Adversarial Networks},
  journal   = {CoRR},
  volume    = {abs/1812.04948},
  year      = {2018},
  url       = {http://arxiv.org/abs/1812.04948},
  archivePrefix = {arXiv},
  eprint    = {1812.04948},
  timestamp = {Tue, 01 Jan 2019 15:01:25 +0100},
  biburl    = {https://dblp.org/rec/journals/corr/abs-1812-04948.bib},
  bibsource = {dblp computer science bibliography, https://dblp.org}
}

@article{stylegan2,
  author    = {Tero Karras and
               Samuli Laine and
               Miika Aittala and
               Janne Hellsten and
               Jaakko Lehtinen and
               Timo Aila},
  title     = {Analyzing and Improving the Image Quality of {StyleGAN}},
  journal   = {CoRR},
  volume    = {abs/1912.04958},
  year      = {2019},
  url       = {http://arxiv.org/abs/1912.04958},
  archivePrefix = {arXiv},
  eprint    = {1912.04958},
  timestamp = {Thu, 02 Jan 2020 18:08:18 +0100},
  biburl    = {https://dblp.org/rec/journals/corr/abs-1912-04958.bib},
  bibsource = {dblp computer science bibliography, https://dblp.org}
}

@misc{stylegan2ada,
      title={Training Generative Adversarial Networks with Limited Data}, 
      author={Tero Karras and Miika Aittala and Janne Hellsten and Samuli Laine and Jaakko Lehtinen and Timo Aila},
      year={2020},
      eprint={2006.06676},
      archivePrefix={arXiv},
      primaryClass={cs.CV}
}

@article{scene,
  author    = {Carl Vondrick and
               Hamed Pirsiavash and
               Antonio Torralba},
  title     = {Generating Videos with Scene Dynamics},
  journal   = {CoRR},
  volume    = {abs/1609.02612},
  year      = {2016},
  url       = {http://arxiv.org/abs/1609.02612},
  archivePrefix = {arXiv},
  eprint    = {1609.02612},
  timestamp = {Mon, 13 Aug 2018 16:46:01 +0200},
  biburl    = {https://dblp.org/rec/journals/corr/VondrickPT16.bib},
  bibsource = {dblp computer science bibliography, https://dblp.org}
}

@article{dvdgan,
  author    = {Aidan Clark and
               Jeff Donahue and
               Karen Simonyan},
  title     = {Efficient Video Generation on Complex Datasets},
  journal   = {CoRR},
  volume    = {abs/1907.06571},
  year      = {2019},
  url       = {http://arxiv.org/abs/1907.06571},
  archivePrefix = {arXiv},
  eprint    = {1907.06571},
  timestamp = {Wed, 17 Jul 2019 10:27:36 +0200},
  biburl    = {https://dblp.org/rec/journals/corr/abs-1907-06571.bib},
  bibsource = {dblp computer science bibliography, https://dblp.org}
}

@article{attention,
  author    = {Ashish Vaswani and
               Noam Shazeer and
               Niki Parmar and
               Jakob Uszkoreit and
               Llion Jones and
               Aidan N. Gomez and
               Lukasz Kaiser and
               Illia Polosukhin},
  title     = {Attention Is All You Need},
  journal   = {CoRR},
  volume    = {abs/1706.03762},
  year      = {2017},
  url       = {http://arxiv.org/abs/1706.03762},
  archivePrefix = {arXiv},
  eprint    = {1706.03762},
  timestamp = {Mon, 13 Aug 2018 16:48:37 +0200},
  biburl    = {https://dblp.org/rec/journals/corr/VaswaniSPUJGKP17.bib},
  bibsource = {dblp computer science bibliography, https://dblp.org}
}

@article{transformer,
  author    = {Dirk Weissenborn and
               Oscar T{\"{a}}ckstr{\"{o}}m and
               Jakob Uszkoreit},
  title     = {Scaling Autoregressive Video Models},
  journal   = {CoRR},
  volume    = {abs/1906.02634},
  year      = {2019},
  url       = {http://arxiv.org/abs/1906.02634},
  archivePrefix = {arXiv},
  eprint    = {1906.02634},
  timestamp = {Thu, 13 Jun 2019 13:36:00 +0200},
  biburl    = {https://dblp.org/rec/journals/corr/abs-1906-02634.bib},
  bibsource = {dblp computer science bibliography, https://dblp.org}
}

@article{steer,
  author    = {Ali Jahanian and
               Lucy Chai and
               Phillip Isola},
  title     = {On the "steerability" of generative adversarial networks},
  journal   = {CoRR},
  volume    = {abs/1907.07171},
  year      = {2019},
  url       = {http://arxiv.org/abs/1907.07171},
  archivePrefix = {arXiv},
  eprint    = {1907.07171},
  timestamp = {Tue, 23 Jul 2019 10:54:22 +0200},
  biburl    = {https://dblp.org/rec/journals/corr/abs-1907-07171.bib},
  bibsource = {dblp computer science bibliography, https://dblp.org}
}

@article{vgg,
  author    = {Richard Zhang and
               Phillip Isola and
               Alexei A. Efros and
               Eli Shechtman and
               Oliver Wang},
  title     = {The Unreasonable Effectiveness of Deep Features as a Perceptual Metric},
  journal   = {CoRR},
  volume    = {abs/1801.03924},
  year      = {2018},
  url       = {http://arxiv.org/abs/1801.03924},
  archivePrefix = {arXiv},
  eprint    = {1801.03924},
  timestamp = {Wed, 14 Aug 2019 08:23:33 +0200},
  biburl    = {https://dblp.org/rec/journals/corr/abs-1801-03924.bib},
  bibsource = {dblp computer science bibliography, https://dblp.org}
}

@article{flow,
  author    = {Aravindh Mahendran and
               James Thewlis and
               Andrea Vedaldi},
  title     = {Cross Pixel Optical Flow Similarity for Self-Supervised Learning},
  journal   = {CoRR},
  volume    = {abs/1807.05636},
  year      = {2018},
  url       = {http://arxiv.org/abs/1807.05636},
  archivePrefix = {arXiv},
  eprint    = {1807.05636},
  timestamp = {Mon, 13 Aug 2018 16:46:35 +0200},
  biburl    = {https://dblp.org/rec/journals/corr/abs-1807-05636.bib},
  bibsource = {dblp computer science bibliography, https://dblp.org}
}

@inproceedings{gans,
  author    = {Ian J. Goodfellow and
               Jean Pouget{-}Abadie and
               Mehdi Mirza and
               Bing Xu and
               David Warde{-}Farley and
               Sherjil Ozair and
               Aaron C. Courville and
               Yoshua Bengio},
  editor    = {Zoubin Ghahramani and
               Max Welling and
               Corinna Cortes and
               Neil D. Lawrence and
               Kilian Q. Weinberger},
  title     = {Generative Adversarial Nets},
  booktitle = {Advances in Neural Information Processing Systems 27: Annual Conference
               on Neural Information Processing Systems 2014, December 8-13 2014,
               Montreal, Quebec, Canada},
  pages     = {2672--2680},
  year      = {2014},
  url       = {https://proceedings.neurips.cc/paper/2014/hash/5ca3e9b122f61f8f06494c97b1afccf3-Abstract.html},
  timestamp = {Thu, 21 Jan 2021 15:15:23 +0100},
  biburl    = {https://dblp.org/rec/conf/nips/GoodfellowPMXWOCB14.bib},
  bibsource = {dblp computer science bibliography, https://dblp.org}
}

@article{yolov4,
  title={{Scaled-YOLOv4}: Scaling Cross Stage Partial Network},
  author={Wang, Chien-Yao and Bochkovskiy, Alexey and Liao, Hong-Yuan Mark},
  journal={arXiv preprint arXiv:2011.08036},
  year={2020}
}

@article{bair,
  author    = {Frederik Ebert and
               Chelsea Finn and
               Alex X. Lee and
               Sergey Levine},
  title     = {Self-Supervised Visual Planning with Temporal Skip Connections},
  journal   = {CoRR},
  volume    = {abs/1710.05268},
  year      = {2017},
  url       = {http://arxiv.org/abs/1710.05268},
  archivePrefix = {arXiv},
  eprint    = {1710.05268},
  timestamp = {Mon, 13 Aug 2018 16:46:09 +0200},
  biburl    = {https://dblp.org/rec/journals/corr/abs-1710-05268.bib},
  bibsource = {dblp computer science bibliography, https://dblp.org}
}

@article{savp,
  author    = {Alex X. Lee and
               Richard Zhang and
               Frederik Ebert and
               Pieter Abbeel and
               Chelsea Finn and
               Sergey Levine},
  title     = {Stochastic Adversarial Video Prediction},
  journal   = {CoRR},
  volume    = {abs/1804.01523},
  year      = {2018},
  url       = {http://arxiv.org/abs/1804.01523},
  archivePrefix = {arXiv},
  eprint    = {1804.01523},
  timestamp = {Mon, 13 Aug 2018 16:46:53 +0200},
  biburl    = {https://dblp.org/rec/journals/corr/abs-1804-01523.bib},
  bibsource = {dblp computer science bibliography, https://dblp.org}
}

### online articles

@online{crunchyroll,
  title = {Largest Anime Streaming Service {Crunchyroll} Surpasses One Million Paid Subscribers},
  year = {2017},
  url = {https://www.crunchyroll.com/anime-press-release/2017/02/09-1/largest-anime-streaming-service-crunchyroll-surpasses-one-million-paid-subscribers},
  urldate = {2021-04-23}
}

@online{wikipedia,
  title = {Frame rate},
  year = {2021},
  url = {https://en.wikipedia.org/wiki/Frame_rate},
  urldate = {2021-04-23}
}

@online{kusanagi,
  title = {Background Art Design Company},
  year = {2020},
  url = {https://www.kusanagi.co.jp/},
  urldate = {2021-04-23}
}

@online{vox,
  author = {Eric Margolis},
  title = {The dark side of {Japan's} anime industry},
  year = {2019},
  url = {https://www.vox.com/culture/2019/7/2/20677237/anime-industry-japan-artists-pay-labor-abuse-neon-genesis-evangelion-netflix},
  urldate = {2021-04-23}
}

@online{deadline,
  author = {Geoff Boucher},
  title = {Sony Gets Inventive, Seeks Patents For {`Spider-Man: Into The Spider-Verse'} Animation Tech},
  year = {2018},
  url = {https://deadline.com/2018/12/sony-gets-inventive-seeks-patents-for-spider-man-into-the-spider-verse-animation-tech-1202518373/},
  urldate = {2021-04-23}
}

### anime/manga

# Girls' Last Tour

@misc{tour,
  author = {Takaharu Ozaki},
  title = {{Girls' Last Tour}},
  year = {2017},
  url = {https://myanimelist.net/anime/35838/Shoujo_Shuumatsu_Ryokou},
  urldate = {2021-04-23}
}

@book{tour1,
 author = {Tsukumizu, },
 title = {Girls' Last Tour, Vol. 1},
 year = {2017},
 publisher = {Yen Press},
 address = {New York},
 isbn = {9780316470636}
}

@book{tour2,
 author = {Tsukumizu, },
 title = {Girls' Last Tour, Vol. 2},
 year = {2017},
 publisher = {Yen Press},
 address = {New York},
 isbn = {9780316470643}
}

@book{tour3,
 author = {Tsukumizu, },
 title = {Girls' Last Tour, Vol. 3},
 year = {2017},
 publisher = {Yen Press},
 address = {New York},
 isbn = {9780316470681}
}

@book{tour4,
 author = {Tsukumizu, },
 title = {Girls' Last Tour, Vol. 4},
 year = {2018},
 publisher = {Yen Press},
 address = {New York},
 isbn = {9780316415989}
}

# K-On

@misc{kon!,
  author = {Naoko Yamada},
  title = {{K-On!}},
  year = {2009},
  url = {https://myanimelist.net/anime/5680/K-On},
  urldate = {2021-04-23}
}

@misc{kon!!,
  author = {Naoko Yamada},
  title = {K-On!!},
  year = {2010},
  url = {https://myanimelist.net/anime/7791/K-On},
  urldate = {2021-04-23}
}

@book{kon1,
  author = {kakifly},
  title = {K-ON!, Vol. 1},
  year = {2014},
  publisher = {Yen Press},
  isbn = {9780316409780}
}

@book{kon2,
  author = {kakifly},
  title = {K-ON!, Vol. 2},
  year = {2014},
  publisher = {Yen Press},
  isbn = {9780316409797}
}

@book{kon3,
  author = {kakifly},
  title = {K-ON!, Vol. 3},
  year = {2014},
  publisher = {Yen Press},
  isbn = {9780316409803}
}

@book{kon4,
  author = {kakifly},
  title = {K-ON!, Vol. 4},
  year = {2014},
  publisher = {Yen Press},
  isbn = {9780316409827}
}

